<?xml version="1.0" encoding="UTF-8"?><collection xmlns="http://www.loc.gov/MARC21/slim"><record><leader>00449nam--2200169-i-4500</leader><controlfield tag="001">000013147</controlfield><controlfield tag="002">20161230</controlfield><controlfield tag="005">20161230201030</controlfield><controlfield tag="008">060222s1000------------r-----000-0-eng-d</controlfield><datafield ind1=" " ind2=" " tag="040"><subfield code="a">IFIN-HH</subfield></datafield><datafield ind1=" " ind2=" " tag="080"><subfield code="a">535.41</subfield></datafield><datafield ind1="1" ind2=" " tag="100"><subfield code="a">Tolansky, S</subfield></datafield><datafield ind1="1" ind2="0" tag="245"><subfield code="a">Microstructures of Surfaces</subfield><subfield code="b">using Interfermetry</subfield><subfield code="c">A. Tolansky</subfield></datafield><datafield ind1=" " ind2=" " tag="260"><subfield code="a">London</subfield><subfield code="b">Edward Arnold (Publishers) Ltd</subfield><subfield code="c">1968</subfield></datafield><datafield ind1=" " ind2=" " tag="300"><subfield code="a">65 p</subfield></datafield><datafield ind1=" " ind2=" " tag="852"><subfield code="a">30792</subfield><subfield code="c">535</subfield></datafield><datafield ind1=" " ind2=" " tag="CAT"><subfield code="a">Sys</subfield><subfield code="c">20101027</subfield><subfield code="h">131344</subfield></datafield></record></collection>